<collection xmlns="http://www.loc.gov/MARC21/slim">
<record>
  <leader>01028nam0a2200217 i 450 </leader>
  <controlfield tag="001">IT\ICCU\CNCE\015448</controlfield>
  <controlfield tag="005">20071004000000.0</controlfield>
  <datafield tag="012" ind1=" " ind2=" ">
    <subfield code="a">a.&amp;i e-na ria. ecge (3) 1594 (R)</subfield>
    <subfield code="2">fei</subfield>
  </datafield>
  <datafield tag="100" ind1=" " ind2=" ">
    <subfield code="a">19970101d1594        0itac0103    ba</subfield>
  </datafield>
  <datafield tag="101" ind1=" " ind2=" ">
    <subfield code="a">ITA</subfield>
  </datafield>
  <datafield tag="102" ind1=" " ind2=" ">
    <subfield code="a">IT</subfield>
  </datafield>
  <datafield tag="200" ind1="1" ind2=" ">
    <subfield code="a">Capitoli, orationi, et indulgenze della venerabile Compagnia del Santissimo Nome di Dio. Instituita dal sacr&apos;ordine delli frati predicatori ...</subfield>
  </datafield>
  <datafield tag="210" ind1=" " ind2=" ">
    <subfield code="a">In Vrbino</subfield>
    <subfield code="c">appresso Bartholomeo</subfield>
    <subfield code="d">&amp; Simone Ragusij fratelli</subfield>
    <subfield code="d">1594</subfield>
  </datafield>
  <datafield tag="215" ind1=" " ind2=" ">
    <subfield code="a">\2!, 40 p.</subfield>
    <subfield code="d">8ʻ</subfield>
  </datafield>
  <datafield tag="620" ind1=" " ind2=" ">
    <subfield code="a">IT</subfield>
    <subfield code="d">Urbino</subfield>
  </datafield>
  <datafield tag="710" ind1="0" ind2="2">
    <subfield code="a">Confraternita del SS. Nome di Dio</subfield>
    <subfield code="c"> &lt;Urbino&gt;</subfield>
    <subfield code="3">3929</subfield>
  </datafield>
  <datafield tag="712" ind1="0" ind2="0">
    <subfield code="a">Ragusi, Bartolomeo &amp; Ragusi, Simone</subfield>
    <subfield code="3">IT\ICCU\CNCT\001072</subfield>
    <subfield code="4">650</subfield>
  </datafield>
  <datafield tag="791" ind1="0" ind2="2">
    <subfield code="a">Compagnia del SS. Nome di Dio</subfield>
    <subfield code="c"> &lt;Urbino&gt;</subfield>
    <subfield code="3">15525</subfield>
    <subfield code="z">Confraternita del SS. Nome di Dio &lt;Urbino&gt;</subfield>
  </datafield>
  <datafield tag="791" ind1="0" ind2="0">
    <subfield code="a">Ragusi, Simone</subfield>
    <subfield code="3">IT\ICCU\CNCT\001073</subfield>
    <subfield code="z">Ragusi, Bartolomeo &amp; Ragusi, Simone</subfield>
  </datafield>
  <datafield tag="801" ind1=" " ind2="3">
    <subfield code="a">IT</subfield>
    <subfield code="b">ICCU</subfield>
    <subfield code="c">20201114</subfield>
  </datafield>
  <datafield tag="899" ind1=" " ind2=" ">
    <subfield code="a">Biblioteca centrale dell&apos;Area umanistica dell&apos;Universit ̉degli studi di Urbino. Urbino</subfield>
    <subfield code="1">PU0206</subfield>
    <subfield code="2">URB AU</subfield>
  </datafield>
</record>
</collection>
